@MISC{reaxys,
	url= {https://www.elsevier.com/solutions/reaxys},
	title ={Reaxys},
	note = {Accessed Nov, 2017}
}
@MISC{chebi,
	url= {https://www.ebi.ac.uk/chebi/},
	title ={Chemical Entities of Biological Interest (ChEBI)},
	note = {Accessed April 1, 2015}
}


@ARTICLE{Raymond2002,
	Author = {John W. Raymond, John and Eleonor J. Gardiner and  Peter, Willett},
	Journal = {The Computer Journal},
	Number = {6},
	Volume = {45},
	Title = {RASCAL: Calculation of Graph Similarity Using Maximum Common Edge Subgraphs},
	Year = {2002}
}


@ARTICLE{Zager2008,
	Author = {Laura A. Zager and George C. Verghese},
	Journal = {Applied Mathematics Letters},
	Number = {21},
	Volume = {45},
	Pages = {86--94},
	Title = {Graph similarity scoring and matching},
	Year = {2008}
}

@BOOK{Johnson1990,
	Author = {Mark A. Johnson and Gerald M. Maggiora},
	Title = {Concepts and applications of molecular similarity},
	Publisher = {The American Chemical Society},
	Adress = {New York},
	Year = {1988}
}


@ARTICLE{Eckert2007,
	Author = {Hanna Eckert and J\"{u}rgen Bajorath},
	Journal = {Drug Discovery Today},
	Title = {Molecular similarity analysis in virtual screening: foundations, limitations and novel approaches},
	Number = {5},
	Volume = {12},
	Pages = {225--233},
	Year = {2007},
}
	

@BOOK{Neuhaus2007,
	Author = {Michel, Neuhaus and Horst, Bunke},
	Publisher = {World Scientific Publishing Co., Inc.},
	Title = {Bridging the Gap Between Graph Edit Distance and Kernel Machines},
	Year = {2007},
}
	
@ARTICLE{Sayle2015,
	Author = {Roger, Sayle and John, May and Noel O\'\ Boyle and Andrew J., Grant and Stefan, Senger and Darren V.S., Green},
	Journal = {7th Joint Sheffield Conference on Chemoinformatics},
	Title = {Chemical Similarity Based on Graph Edit Distance: Efficient Implementation and the Challenges of Evaluation},
	Year = {2015},
}
	
@ARTICLE{Cereto2015,
	Title = {Molecular fingerprint similarity search in virtual screening},
	Journal = {Methods},
	Volume = {71},
	Pages = {58 - 63},
	Year = {2015},
	Author = {Adri\'a Cereto-Massagu\'e and Mar\'ia Jos\'e Ojeda and Cristina Valls and Miquel Mulero and Santiago Garcia-Vallv\'e and Gerard Pujadas},
}
	
@ARTICLE{Bender2009,
	Author = {Andreas, Bender and Jeremy L., Jenkins and Josef, Scheiber and Sai C. K., Sukuru and Meir, Glick and John W., Davies},
	Journal = {J. Chem. Inf. Model.},
	Number = {1},
	Title = {How similar are similarity searching methods? A principal component analysis of molecular descriptor space},
	Volume = {49},
	Year = {2009},
}

@ARTICLE{Grave2010,
	Author = {K., de Grave and F., Costa},
	Journal = {J. Chem. Inf. Model.},
	Title = {Molecular Graph Augmentation with Rings and Functional Groups},
	Number = {9},
	Volume = {50},
	Pages = {1660--1668},
	Year = {2010},
}

@ARTICLE{Gauzere2015,
	Author = {Benoit, Gauz\`ere and L., Brun and D., Villemin},
	Journal = {Quantitative Graph Theory Mathematical Foundations and Applications, CRC Press},
	Title = {Graph kernels in chemoinformatics},
	Pages = {425-470},
	Year = {2015},
}
	
@ARTICLE{Faisal2007,
	Author = {Abu-khzam, Faisal and Samatova, Nagiza and A. Rizk, Mohamad and Langston, Michael},
	Journal = {IEEE/ACS International Conference on Computer Systems and Applications},
	Pages = {367--373},
	Title = {The Maximum Common Subgraph Problem: Faster Solutions via Vertex Cover},
	Year = {2007},
}


@ARTICLE{Akutsu2013,
	Author ={ Tatsuya, Akutsu and Hiroshi, Nagamochi},
	title ={Comparison and Enumeration of Chemical Graphs},
	journal ={Comput Struct Biotechnol J. },
	year = {2013},
	volume = {5},
}
	
@ARTICLE{Gauzere2013,
	Author = {Benoit, Gauz\`ere and L., Brun and D., Villemin},
	Journal = {9th IAPR-TC-15 Graph-Based Representations in Pattern Recognition},
	Title = {Relevant cycle hypergraph representation for molecules},
	Pages = {111},
	Year = {2013},
	
}
@ARTICLE{Horvarth2004,
	Author = {T., Horvarth and T., {G\"artner} and S., Wrobel},
	Journal = {KDD-2004 - Proceedings of the Tenth ACM SIGKDD International Conference on Knowledge Discovery and Data Mining},
	Title = {Cyclic pattern kernels for predictive graph mining},
	Pages = {158--167},
	Year = {2004},
}
	

@ARTICLE{Lynch1996,
	Author = { Michael F., Lynch and John D., Holliday},
	Title =  {The Sheffield Generic Structures Project - a Retrospective Review },
	Journal = {J. Chem. Inf. Comput. Sci.},
	Volume ={ 36},
	Number = {5},
	Pages = {930--936} ,
	Year={1996},
}

@ARTICLE{Gillet1991,
	Author =  {Valerie J., Gillet and Geoffrey M., Downs and John D., Holliday and Michael F., Lynch and Winfried, Dethlefsen},
	Year ={ 1991},
	Title ={ Computer storage and retrieval of generic chemical structures in patents. 13. Reduced graph generation},
	Journal ={ J. Chem. Inf. Comput. Sci. },
	Volume ={31}, 
	Number={2},
	Pages={260--270},
}

@BOOK{Gasteiger2003,
	Author = {J. Gasteiger},
	Publisher = {Wiley},
	Title = {Handbook of Chemoinformatics : From Data to Knowledge (Representation of Molecular Structures)},
	Edition = {1},
	Year = {2003},
	
}

@ARTICLE{Horton1987,
	Author = {Joseph D., Horton},
	Journal = {SIAM Journal on Computing},
	Number = {2},
	Pages = {358-366},
	Volume = {16},
	Title = {A polynomial-Time algorithm fo Find the Shortest Cycle Basis of a Graph},
	Year = {1987},
}

@ARTICLE{Vismara1997,
	Author = {Philippe, Vismara},
	Journal = {Electr. J. Comb.},
	Number = {1},
	Volume = {4},
	Pages = {73--87},
	Title = {Union of all minimum cycle bases of a graph},
	Year = {1997},
}

@ARTICLE{Berge1963,
	Author = {Claude Berge},
	Journal = {Dunod},
	Title = {Th√©orie des graphes et ses applications},
	Year = {1963},
}	
